%YAML 1.1
%TAG !u! tag:unity3d.com,2011:
--- !u!1 &104632885424711703
GameObject:
  m_ObjectHideFlags: 0
  m_CorrespondingSourceObject: {fileID: 0}
  m_PrefabInstance: {fileID: 0}
  m_PrefabAsset: {fileID: 0}
  serializedVersion: 6
  m_Component:
  - component: {fileID: 3974676083663870468}
  - component: {fileID: 5364882724891500594}
  - component: {fileID: 1823796232586419403}
  m_Layer: 0
  m_Name: SquareVent
  m_TagString: Untagged
  m_Icon: {fileID: 0}
  m_NavMeshLayer: 0
  m_StaticEditorFlags: 0
  m_IsActive: 1
--- !u!4 &3974676083663870468
Transform:
  m_ObjectHideFlags: 0
  m_CorrespondingSourceObject: {fileID: 0}
  m_PrefabInstance: {fileID: 0}
  m_PrefabAsset: {fileID: 0}
  m_GameObject: {fileID: 104632885424711703}
  m_LocalRotation: {x: 0, y: 0.7071068, z: 0, w: 0.7071068}
  m_LocalPosition: {x: -3.542, y: 3.326, z: -3.6}
  m_LocalScale: {x: 0.01, y: 0.01, z: 0.01}
  m_Children:
  - {fileID: 3974676083087894488}
  - {fileID: 6082159807771138227}
  m_Father: {fileID: 0}
  m_RootOrder: 0
  m_LocalEulerAnglesHint: {x: 0, y: 90, z: 0}
--- !u!33 &5364882724891500594
MeshFilter:
  m_ObjectHideFlags: 0
  m_CorrespondingSourceObject: {fileID: 0}
  m_PrefabInstance: {fileID: 0}
  m_PrefabAsset: {fileID: 0}
  m_GameObject: {fileID: 104632885424711703}
  m_Mesh: {fileID: 6148114980279418311, guid: 652a327eb583fc74e9d987357f4b7d8a, type: 3}
--- !u!23 &1823796232586419403
MeshRenderer:
  m_ObjectHideFlags: 0
  m_CorrespondingSourceObject: {fileID: 0}
  m_PrefabInstance: {fileID: 0}
  m_PrefabAsset: {fileID: 0}
  m_GameObject: {fileID: 104632885424711703}
  m_Enabled: 1
  m_CastShadows: 1
  m_ReceiveShadows: 1
  m_DynamicOccludee: 1
  m_MotionVectors: 1
  m_LightProbeUsage: 1
  m_ReflectionProbeUsage: 1
  m_RenderingLayerMask: 1
  m_RendererPriority: 0
  m_Materials:
  - {fileID: 2100000, guid: 6c66fbbe137f50844ac61d956d19477d, type: 2}
  m_StaticBatchInfo:
    firstSubMesh: 0
    subMeshCount: 0
  m_StaticBatchRoot: {fileID: 0}
  m_ProbeAnchor: {fileID: 0}
  m_LightProbeVolumeOverride: {fileID: 0}
  m_ScaleInLightmap: 1
  m_ReceiveGI: 1
  m_PreserveUVs: 0
  m_IgnoreNormalsForChartDetection: 0
  m_ImportantGI: 0
  m_StitchLightmapSeams: 1
  m_SelectedEditorRenderState: 3
  m_MinimumChartSize: 4
  m_AutoUVMaxDistance: 0.5
  m_AutoUVMaxAngle: 89
  m_LightmapParameters: {fileID: 0}
  m_SortingLayerID: 0
  m_SortingLayer: 0
  m_SortingOrder: 0
--- !u!1 &104632886541882827
GameObject:
  m_ObjectHideFlags: 0
  m_CorrespondingSourceObject: {fileID: 3538189649328309935, guid: bb89de8429c08714b82f93378e5373f4,
    type: 3}
  m_PrefabInstance: {fileID: 3488486182470980452}
  m_PrefabAsset: {fileID: 0}
  serializedVersion: 6
  m_Component:
  - component: {fileID: 3974676083087894488}
  - component: {fileID: 5364882723628309998}
  - component: {fileID: 1823796233353109783}
  m_Layer: 0
  m_Name: AirVentGrate
  m_TagString: Untagged
  m_Icon: {fileID: 0}
  m_NavMeshLayer: 0
  m_StaticEditorFlags: 0
  m_IsActive: 1
--- !u!4 &3974676083087894488
Transform:
  m_ObjectHideFlags: 0
  m_CorrespondingSourceObject: {fileID: 522828110613935292, guid: bb89de8429c08714b82f93378e5373f4,
    type: 3}
  m_PrefabInstance: {fileID: 3488486182470980452}
  m_PrefabAsset: {fileID: 0}
  m_GameObject: {fileID: 104632886541882827}
  m_LocalRotation: {x: -0, y: -1, z: -0, w: 0}
  m_LocalPosition: {x: -414.95004, y: 0.049996376, z: -1.4300346}
  m_LocalScale: {x: 1.0400003, y: 1.04, z: 1.0400003}
  m_Children: []
  m_Father: {fileID: 3974676083663870468}
  m_RootOrder: 0
  m_LocalEulerAnglesHint: {x: 0, y: -90, z: 0}
--- !u!33 &5364882723628309998
MeshFilter:
  m_ObjectHideFlags: 0
  m_CorrespondingSourceObject: {fileID: 8798472204669177482, guid: bb89de8429c08714b82f93378e5373f4,
    type: 3}
  m_PrefabInstance: {fileID: 3488486182470980452}
  m_PrefabAsset: {fileID: 0}
  m_GameObject: {fileID: 104632886541882827}
  m_Mesh: {fileID: 1565406136737683752, guid: 260555b5978d6424588f8c683506189f, type: 3}
--- !u!23 &1823796233353109783
MeshRenderer:
  m_ObjectHideFlags: 0
  m_CorrespondingSourceObject: {fileID: 2965333046439424627, guid: bb89de8429c08714b82f93378e5373f4,
    type: 3}
  m_PrefabInstance: {fileID: 3488486182470980452}
  m_PrefabAsset: {fileID: 0}
  m_GameObject: {fileID: 104632886541882827}
  m_Enabled: 1
  m_CastShadows: 1
  m_ReceiveShadows: 1
  m_DynamicOccludee: 1
  m_MotionVectors: 1
  m_LightProbeUsage: 1
  m_ReflectionProbeUsage: 1
  m_RenderingLayerMask: 1
  m_RendererPriority: 0
  m_Materials:
  - {fileID: 2100000, guid: e9d4b75e63d66b64382a51ee936148a7, type: 2}
  m_StaticBatchInfo:
    firstSubMesh: 0
    subMeshCount: 0
  m_StaticBatchRoot: {fileID: 0}
  m_ProbeAnchor: {fileID: 0}
  m_LightProbeVolumeOverride: {fileID: 0}
  m_ScaleInLightmap: 1
  m_ReceiveGI: 1
  m_PreserveUVs: 0
  m_IgnoreNormalsForChartDetection: 0
  m_ImportantGI: 0
  m_StitchLightmapSeams: 1
  m_SelectedEditorRenderState: 3
  m_MinimumChartSize: 4
  m_AutoUVMaxDistance: 0.5
  m_AutoUVMaxAngle: 89
  m_LightmapParameters: {fileID: 0}
  m_SortingLayerID: 0
  m_SortingLayer: 0
  m_SortingOrder: 0
--- !u!1 &6835790629323971848
GameObject:
  m_ObjectHideFlags: 0
  m_CorrespondingSourceObject: {fileID: 3538189649328309935, guid: bb89de8429c08714b82f93378e5373f4,
    type: 3}
  m_PrefabInstance: {fileID: 6386923640838537440}
  m_PrefabAsset: {fileID: 0}
  serializedVersion: 6
  m_Component:
  - component: {fileID: 6082159807771138227}
  - component: {fileID: 7741194901554322183}
  - component: {fileID: 83348768899289877}
  m_Layer: 0
  m_Name: AirVentGrate (1)
  m_TagString: Untagged
  m_Icon: {fileID: 0}
  m_NavMeshLayer: 0
  m_StaticEditorFlags: 0
  m_IsActive: 1
--- !u!4 &6082159807771138227
Transform:
  m_ObjectHideFlags: 0
  m_CorrespondingSourceObject: {fileID: 522828110613935292, guid: bb89de8429c08714b82f93378e5373f4,
    type: 3}
  m_PrefabInstance: {fileID: 6386923640838537440}
  m_PrefabAsset: {fileID: 0}
  m_GameObject: {fileID: 6835790629323971848}
  m_LocalRotation: {x: -0, y: -0.7071068, z: -0, w: 0.7071068}
  m_LocalPosition: {x: -10.799985, y: 0.049996376, z: 34.2}
  m_LocalScale: {x: 1.2863762, y: 1.0806972, z: 1.2863762}
  m_Children: []
  m_Father: {fileID: 3974676083663870468}
  m_RootOrder: 1
  m_LocalEulerAnglesHint: {x: 0, y: 0, z: 0}
--- !u!33 &7741194901554322183
MeshFilter:
  m_ObjectHideFlags: 0
  m_CorrespondingSourceObject: {fileID: 8798472204669177482, guid: bb89de8429c08714b82f93378e5373f4,
    type: 3}
  m_PrefabInstance: {fileID: 6386923640838537440}
  m_PrefabAsset: {fileID: 0}
  m_GameObject: {fileID: 6835790629323971848}
  m_Mesh: {fileID: 1565406136737683752, guid: 260555b5978d6424588f8c683506189f, type: 3}
--- !u!23 &83348768899289877
MeshRenderer:
  m_ObjectHideFlags: 0
  m_CorrespondingSourceObject: {fileID: 2965333046439424627, guid: bb89de8429c08714b82f93378e5373f4,
    type: 3}
  m_PrefabInstance: {fileID: 6386923640838537440}
  m_PrefabAsset: {fileID: 0}
  m_GameObject: {fileID: 6835790629323971848}
  m_Enabled: 1
  m_CastShadows: 1
  m_ReceiveShadows: 1
  m_DynamicOccludee: 1
  m_MotionVectors: 1
  m_LightProbeUsage: 1
  m_ReflectionProbeUsage: 1
  m_RenderingLayerMask: 1
  m_RendererPriority: 0
  m_Materials:
  - {fileID: 2100000, guid: e9d4b75e63d66b64382a51ee936148a7, type: 2}
  m_StaticBatchInfo:
    firstSubMesh: 0
    subMeshCount: 0
  m_StaticBatchRoot: {fileID: 0}
  m_ProbeAnchor: {fileID: 0}
  m_LightProbeVolumeOverride: {fileID: 0}
  m_ScaleInLightmap: 1
  m_ReceiveGI: 1
  m_PreserveUVs: 0
  m_IgnoreNormalsForChartDetection: 0
  m_ImportantGI: 0
  m_StitchLightmapSeams: 1
  m_SelectedEditorRenderState: 3
  m_MinimumChartSize: 4
  m_AutoUVMaxDistance: 0.5
  m_AutoUVMaxAngle: 89
  m_LightmapParameters: {fileID: 0}
  m_SortingLayerID: 0
  m_SortingLayer: 0
  m_SortingOrder: 0
--- !u!1001 &3488486182470980452
PrefabInstance:
  m_ObjectHideFlags: 0
  serializedVersion: 2
  m_Modification:
    m_TransformParent: {fileID: 3974676083663870468}
    m_Modifications:
    - target: {fileID: 3538189649328309935, guid: bb89de8429c08714b82f93378e5373f4,
        type: 3}
      propertyPath: m_Name
      value: AirVentGrate
      objectReference: {fileID: 0}
    - target: {fileID: 522828110613935292, guid: bb89de8429c08714b82f93378e5373f4,
        type: 3}
      propertyPath: m_LocalPosition.x
      value: -414.95004
      objectReference: {fileID: 0}
    - target: {fileID: 522828110613935292, guid: bb89de8429c08714b82f93378e5373f4,
        type: 3}
      propertyPath: m_LocalPosition.y
      value: 0.049996376
      objectReference: {fileID: 0}
    - target: {fileID: 522828110613935292, guid: bb89de8429c08714b82f93378e5373f4,
        type: 3}
      propertyPath: m_LocalPosition.z
      value: -1.4300346
      objectReference: {fileID: 0}
    - target: {fileID: 522828110613935292, guid: bb89de8429c08714b82f93378e5373f4,
        type: 3}
      propertyPath: m_LocalRotation.x
      value: -0
      objectReference: {fileID: 0}
    - target: {fileID: 522828110613935292, guid: bb89de8429c08714b82f93378e5373f4,
        type: 3}
      propertyPath: m_LocalRotation.y
      value: -1
      objectReference: {fileID: 0}
    - target: {fileID: 522828110613935292, guid: bb89de8429c08714b82f93378e5373f4,
        type: 3}
      propertyPath: m_LocalRotation.z
      value: -0
      objectReference: {fileID: 0}
    - target: {fileID: 522828110613935292, guid: bb89de8429c08714b82f93378e5373f4,
        type: 3}
      propertyPath: m_LocalRotation.w
      value: 0
      objectReference: {fileID: 0}
    - target: {fileID: 522828110613935292, guid: bb89de8429c08714b82f93378e5373f4,
        type: 3}
      propertyPath: m_RootOrder
      value: 0
      objectReference: {fileID: 0}
    - target: {fileID: 522828110613935292, guid: bb89de8429c08714b82f93378e5373f4,
        type: 3}
      propertyPath: m_LocalEulerAnglesHint.x
      value: 0
      objectReference: {fileID: 0}
    - target: {fileID: 522828110613935292, guid: bb89de8429c08714b82f93378e5373f4,
        type: 3}
      propertyPath: m_LocalEulerAnglesHint.y
      value: -90
      objectReference: {fileID: 0}
    - target: {fileID: 522828110613935292, guid: bb89de8429c08714b82f93378e5373f4,
        type: 3}
      propertyPath: m_LocalEulerAnglesHint.z
      value: 0
      objectReference: {fileID: 0}
    - target: {fileID: 522828110613935292, guid: bb89de8429c08714b82f93378e5373f4,
        type: 3}
      propertyPath: m_LocalScale.x
      value: 1.0400003
      objectReference: {fileID: 0}
    - target: {fileID: 522828110613935292, guid: bb89de8429c08714b82f93378e5373f4,
        type: 3}
      propertyPath: m_LocalScale.y
      value: 1.04
      objectReference: {fileID: 0}
    - target: {fileID: 522828110613935292, guid: bb89de8429c08714b82f93378e5373f4,
        type: 3}
      propertyPath: m_LocalScale.z
      value: 1.0400003
      objectReference: {fileID: 0}
    m_RemovedComponents: []
  m_SourcePrefab: {fileID: 100100000, guid: bb89de8429c08714b82f93378e5373f4, type: 3}
--- !u!1001 &6386923640838537440
PrefabInstance:
  m_ObjectHideFlags: 0
  serializedVersion: 2
  m_Modification:
    m_TransformParent: {fileID: 3974676083663870468}
    m_Modifications:
    - target: {fileID: 3538189649328309935, guid: bb89de8429c08714b82f93378e5373f4,
        type: 3}
      propertyPath: m_Name
      value: AirVentGrate (1)
      objectReference: {fileID: 0}
    - target: {fileID: 522828110613935292, guid: bb89de8429c08714b82f93378e5373f4,
        type: 3}
      propertyPath: m_LocalPosition.x
      value: -10.799985
      objectReference: {fileID: 0}
    - target: {fileID: 522828110613935292, guid: bb89de8429c08714b82f93378e5373f4,
        type: 3}
      propertyPath: m_LocalPosition.y
      value: 0.049996376
      objectReference: {fileID: 0}
    - target: {fileID: 522828110613935292, guid: bb89de8429c08714b82f93378e5373f4,
        type: 3}
      propertyPath: m_LocalPosition.z
      value: 34.2
      objectReference: {fileID: 0}
    - target: {fileID: 522828110613935292, guid: bb89de8429c08714b82f93378e5373f4,
        type: 3}
      propertyPath: m_LocalRotation.x
      value: -0
      objectReference: {fileID: 0}
    - target: {fileID: 522828110613935292, guid: bb89de8429c08714b82f93378e5373f4,
        type: 3}
      propertyPath: m_LocalRotation.y
      value: -0.7071068
      objectReference: {fileID: 0}
    - target: {fileID: 522828110613935292, guid: bb89de8429c08714b82f93378e5373f4,
        type: 3}
      propertyPath: m_LocalRotation.z
      value: -0
      objectReference: {fileID: 0}
    - target: {fileID: 522828110613935292, guid: bb89de8429c08714b82f93378e5373f4,
        type: 3}
      propertyPath: m_LocalRotation.w
      value: 0.7071068
      objectReference: {fileID: 0}
    - target: {fileID: 522828110613935292, guid: bb89de8429c08714b82f93378e5373f4,
        type: 3}
      propertyPath: m_RootOrder
      value: 1
      objectReference: {fileID: 0}
    - target: {fileID: 522828110613935292, guid: bb89de8429c08714b82f93378e5373f4,
        type: 3}
      propertyPath: m_LocalEulerAnglesHint.x
      value: 0
      objectReference: {fileID: 0}
    - target: {fileID: 522828110613935292, guid: bb89de8429c08714b82f93378e5373f4,
        type: 3}
      propertyPath: m_LocalEulerAnglesHint.y
      value: 0
      objectReference: {fileID: 0}
    - target: {fileID: 522828110613935292, guid: bb89de8429c08714b82f93378e5373f4,
        type: 3}
      propertyPath: m_LocalEulerAnglesHint.z
      value: 0
      objectReference: {fileID: 0}
    - target: {fileID: 522828110613935292, guid: bb89de8429c08714b82f93378e5373f4,
        type: 3}
      propertyPath: m_LocalScale.x
      value: 1.2863762
      objectReference: {fileID: 0}
    - target: {fileID: 522828110613935292, guid: bb89de8429c08714b82f93378e5373f4,
        type: 3}
      propertyPath: m_LocalScale.y
      value: 1.0806972
      objectReference: {fileID: 0}
    - target: {fileID: 522828110613935292, guid: bb89de8429c08714b82f93378e5373f4,
        type: 3}
      propertyPath: m_LocalScale.z
      value: 1.2863762
      objectReference: {fileID: 0}
    m_RemovedComponents: []
  m_SourcePrefab: {fileID: 100100000, guid: bb89de8429c08714b82f93378e5373f4, type: 3}
